<?xml version="1.0" encoding="UTF-8"?><collection xmlns="http://www.loc.gov/MARC21/slim"><record><leader>00352nam--2200133-i-4500</leader><controlfield tag="001">000017036</controlfield><controlfield tag="002">20161230</controlfield><controlfield tag="005">20161230201032</controlfield><controlfield tag="008">060222s1000------------r-----000-0-eng-d</controlfield><datafield ind1=" " ind2=" " tag="100"><subfield code="a">Deschamps, J.P., Thayse, A.And Davio, M</subfield></datafield><datafield ind1=" " ind2=" " tag="245"><subfield code="a">Machines algorithmiques</subfield></datafield><datafield ind1=" " ind2=" " tag="260"><subfield code="a">Lausanne, Presses Polytechniques Romandes</subfield></datafield><datafield ind1=" " ind2=" " tag="490"><subfield code="a">Xi+222p</subfield></datafield><datafield ind1=" " ind2=" " tag="852"><subfield code="a">681.3.02</subfield></datafield></record></collection>